@article{cai2018rate,
  title={Rate-optimal perturbation bounds for singular subspaces with applications to high-dimensional statistics},
  author={Cai, T Tony and Zhang, Anru},
  journal={Ann. Stat.},
  volume={46},
  number={1},
  pages={60--89},
  year={2018},
  publisher={Institute of Mathematical Statistics}
}
@article{athreya2016limit,
  title={A limit theorem for scaled eigenvectors of random dot product graphs},
  author={Athreya, Avanti and Priebe, Carey E and Tang, Minh and Lyzinski, Vince and Marchette, David J and Sussman, Daniel L},
  journal={Sankhya A},
  volume={78},
  pages={1--18},
  year={2016},
  publisher={Springer}
}
@article{motalebi2021hurdle,
  title={Hurdle blockmodels for sparse network modeling},
  author={Motalebi, Narges and Stevens, Nathaniel T and Steiner, Stefan H},
  journal={The American Statistician},
  volume={75},
  number={4},
  pages={383--393},
  year={2021},
  publisher={Taylor \& Francis}
}
@article{jian2023restricted,
  title={Restricted Tweedie Stochastic Block Models},
  author={Jian, Jie and Zhu, Mu and Sang, Peijun},
  journal={arXiv preprint arXiv:2310.10952},
  year={2023}
}
@article{choi2017network,
  title={Network analysis for count data with excess zeros},
  author={Choi, Hosik and Gim, Jungsoo and Won, Sungho and Kim, You Jin and Kwon, Sunghoon and Park, Changyi},
  journal={BMC genetics},
  volume={18},
  pages={1--10},
  year={2017},
  publisher={Springer}
}
@article{dong2020modeling,
  title={Modeling and change detection for count-weighted multilayer networks},
  author={Dong, Hang and Chen, Nan and Wang, Kaibo},
  journal={Technometrics},
  volume={62},
  number={2},
  pages={184--195},
  year={2020},
  publisher={Taylor \& Francis}
}
@article{casiraghi2025empirical,
  title={Empirical networks are sparse: Enhancing multiedge models with zero-inflation},
  author={Casiraghi, Giona and Andres, Georges},
  journal={PNAS nexus},
  volume={4},
  number={1},
  pages={pgaf001},
  year={2025},
  publisher={Oxford University Press US}
}
@article{lei2023bias,
  title={Bias-adjusted spectral clustering in multi-layer stochastic block models},
  author={Lei, Jing and Lin, Kevin Z},
  journal={Journal of the American Statistical Association},
  volume={118},
  number={544},
  pages={2433--2445},
  year={2023},
  publisher={Taylor \& Francis}
}
@article{andersen1982cox,
  title={Cox's regression model for counting processes: a large sample study},
  author={Andersen, Per Kragh and Gill, Richard D},
  journal={Ann. Stat.},
  volume={10}, 
  number={4},
  pages={1100--1120},
  year={1982},
  publisher={JSTOR}
}
@book{tsiatis2006semiparametric,
  title={Semiparametric theory and missing data},
  author={Tsiatis, Anastasios A},
  volume={4},
  year={2006},
  publisher={Springer}
}
@book{absil2008optimization,
  title={Optimization algorithms on matrix manifolds},
  author={Absil, P-A and Mahony, Robert and Sepulchre, Rodolphe},
  year={2008},
  publisher={Princeton University Press}
}
@article{little2010parameter,
  title={Parameter identifiability and redundancy: theoretical considerations},
  author={Little, Mark P and Heidenreich, Wolfgang F and Li, Guangquan},
  journal={PloS one},
  volume={5},
  number={1},
  pages={e8915},
  year={2010},
  publisher={Public Library of Science San Francisco, USA}
}
@article{matias2014modeling,
  title={Modeling heterogeneity in random graphs through latent space models: a selective review},
  author={Matias, Catherine and Robin, St{\'e}phane},
  journal={ESAIM Proc. Surv.},
  volume={47},
  pages={55--74},
  year={2014},
  publisher={EDP Sciences}
}
@article{hoff2011hierarchical,
  title={Hierarchical multilinear models for multiway data},
  author={Hoff, Peter D},
  journal={Comput. Stat. Data Anal.},
  volume={55},
  number={1},
  pages={530--543},
  year={2011},
  publisher={Elsevier}
}
@article{holland1983stochastic,
  title={Stochastic blockmodels: First steps},
  author={Holland, Paul W and Laskey, Kathryn Blackmond and Leinhardt, Samuel},
  journal={Social networks},
  volume={5},
  number={2},
  pages={109--137},
  year={1983},
  publisher={Elsevier}
}
@article{kivela2014multilayer,
  title={Multilayer networks},
  author={Kivel{\"a}, Mikko and Arenas, Alex and Barthelemy, Marc and Gleeson, James P and Moreno, Yamir and Porter, Mason A},
  journal={J. Complex Netw.},
  volume={2},
  number={3},
  pages={203--271},
  year={2014},
  publisher={Oxford University Press}
}
@article{banerjee2013diffusion,
  title={The diffusion of microfinance},
  author={Banerjee, Abhijit and Chandrasekhar, Arun G and Duflo, Esther and Jackson, Matthew O},
  journal={Science},
  volume={341},
  number={6144},
  pages={1236498},
  year={2013},
  publisher={American Association for the Advancement of Science}
}
@article{tang2022asymptotically,
  title={{Asymptotically efficient estimators for stochastic blockmodels: The naive MLE, the rank-constrained MLE, and the spectral estimator}},
  author={Tang, Minh and Cape, Joshua and Priebe, Carey E},
  journal={Bernoulli},
  volume={28},
  number={2},
  pages={1049--1073},
  year={2022},
  publisher={Bernoulli Society for Mathematical Statistics and Probability}
}
@article{salter2017latent,
  title={Latent space models for multiview network data},
  author={Salter-Townshend, Michael and McCormick, Tyler H},
  journal={Ann. Appl. Stat.},
  volume={11},
  number={3},
  pages={1217--1244},
  year={2017} 
}
@article{wang2019common,
  title={Common and individual structure of brain networks},
  author={Wang, Lu and Zhang, Zhengwu and Dunson, David},
  journal={Ann. Appl. Stat.},
  volume={13},
  number={1},
  pages={85--112},
  year={2019},
  publisher={JSTOR}
}
@article{pantazis2022importance,
  title={The importance of being correlated: Implications of dependence in joint spectral inference across multiple networks},
  author={Pantazis, Konstantinos and Athreya, Avanti and Arroyo, Jes{\'u}s and Frost, William N and Hill, Evan S and Lyzinski, Vince},
  journal={J. Mach. Learn. Res.},
  volume={23},
  number={1},
  pages={6297--6373},
  year={2022},
  publisher={JMLRORG}
}



@book{efron2022exponential,
  title={Exponential Families in Theory and Practice},
  author={Efron, Bradley},
  year={2022},
  publisher={Cambridge University Press}
}

@article{wedin1973perturbation,
  title={Perturbation theory for pseudo-inverses},
  author={Wedin, Per-{\AA}ke},
  journal={BIT Numerical Mathematics},
  volume={13},
  pages={217--232},
  year={1973},
  publisher={Springer}
}

@book{wellner2005empirical,
  title={Empirical processes: Theory and applications},
  author={Wellner, Jon A},
  publisher={Notes for a course given at Delft University of Technology},
  year={2005}
}

@book{nesterov2003introductory,
  title={Introductory lectures on convex optimization: A basic course},
  author={Nesterov, Yurii},
  volume={87},
  year={2004},
  publisher={Springer Science \& Business Media}
}

@article{tropp2012user,
  title={User-friendly tail bounds for sums of random matrices},
  author={Tropp, Joel A},
  journal={Foundations of computational mathematics},
  volume={12},
  number={4},
  pages={389--434},
  year={2012},
  publisher={Springer}
}

@article{candes2012exact,
  title={Exact matrix completion via convex optimization},
  author={Candes, Emmanuel and Recht, Benjamin},
  journal={Communications of the ACM},
  volume={55},
  number={6},
  pages={111--119},
  year={2012},
  publisher={ACM New York, NY, USA}
}

@article{cape2019two,
  title={The two-to-infinity norm and singular subspace geometry with applications to high-dimensional statistics},
  author={Cape, Joshua and Tang, Minh and Priebe, Carey E},
  journal={Ann. Stat.},
  volume={47},
  number={5},
  pages={2405--2439},
  year={2019},
  publisher={Institute of Mathematical Statistics}
}

@article{arroyo2021inference,
  title={Inference for multiple heterogeneous networks with a common invariant subspace},
  author={Arroyo, Jes{\'u}s and Athreya, Avanti and Cape, Joshua and Chen, Guodong and Priebe, Carey E and Vogelstein, Joshua T},
  journal={J. Mach. Learn. Res.},
  volume={22},
  number={142},
  pages={1--49},
  year={2021}
}

@book{lazega2001collegial,
  title={The collegial phenomenon: The social mechanisms of cooperation among peers in a corporate law partnership},
  author={Lazega, Emmanuel},
  year={2001},
  publisher={Oxford University Press, USA}
}

@article{gould2018microbiome,
  title={Microbiome interactions shape host fitness},
  author={Alison L. Gould  and Vivian Zhang  and Lisa Lamberti  and Eric W. Jones  and Benjamin Obadia  and Nikolaos Korasidis and others},
  journal={Proc. Natl. Acad. Sci.},
  volume={115},
  number={51},
  pages={E11951--E11960},
  year={2018},
  publisher={National Acad Sciences}
}

@article{wen2022characterizing,
  title={Characterizing heterogeneity in neuroimaging, cognition, clinical symptoms, and genetics among patients with late-life depression},
  author={Wen, Junhao and Fu, Cynthia HY and Tosun, Duygu and Veturi, Yogasudha and Yang, Zhijian and Abdulkadir, Ahmed  and others},
  journal={JAMA Psychiatry},
  volume={79},
  number={5},
  pages={464--474},
  year={2022},
  publisher={American Medical Association}
}

@article{chen2022global,
  title={Global and individualized community detection in inhomogeneous multilayer networks},
  author={Chen, Shuxiao and Liu, Sifan and Ma, Zongming},
  journal={Ann. Stat.},
  volume={50},
  number={5},
  pages={2664--2693},
  year={2022},
  publisher={Institute of Mathematical Statistics}
}
@article{chen2015fast,
  title={Fast low-rank estimation by projected gradient descent: General statistical and algorithmic guarantees},
  author={Chen, Yudong and Wainwright, Martin J},
  journal={arXiv preprint arXiv:1509.03025},
  year={2015}
}
@article{mcfowland2023estimating,
  title={Estimating causal peer influence in homophilous social networks by inferring latent locations},
  author={McFowland III, Edward and Shalizi, Cosma Rohilla},
  journal={J. Am. Stat. Assoc.},
  volume={118},
  number={541},
  pages={707--718},
  year={2023},
  publisher={Taylor \& Francis}
}
@article{rubin2020manifold,
  title={Manifold structure in graph embeddings},
  author={Rubin-Delanchy, Patrick},
  journal={NeurIPS},
  volume={33},
  pages={11687--11699},
  year={2020}
}
@article{rubin2022statistical,
  title={A statistical interpretation of spectral embedding: the generalised random dot product graph},
  author={Rubin-Delanchy, Patrick and Cape, Joshua and Tang, Minh and Priebe, Carey E},
  journal={J. R. Stat. Soc. (Series B)},
  volume={84},
  number={4},
  pages={1446--1473},
  year={2022},
  publisher={Oxford University Press}
}
@article{lunde2023conformal,
  title={Conformal prediction for network-assisted regression},
  author={Lunde, Robert and Levina, Elizaveta and Zhu, Ji},
  journal={arXiv preprint arXiv:2302.10095},
  year={2023}
}
@article{yan2019statistical,
  title={Statistical inference in a directed network model with covariates},
  author={Yan, Ting and Jiang, Binyan and Fienberg, Stephen E and Leng, Chenlei},
  journal={J. Am. Stat. Assoc.},
  volume={114},
  number={526},
  pages={857--868},
  year={2019},
  publisher={Taylor \& Francis}
}
@article{le2022linear,
  title={Linear regression and its inference on noisy network-linked data},
  author={Le, Can M and Li, Tianxi},
  journal={J. R. Stat. Soc. (Series B)},
  volume={84},
  number={5},
  pages={1851--1885},
  year={2022},
  publisher={Oxford University Press}
}
@article{hayes2022estimating,
  title={Estimating network-mediated causal effects via spectral embeddings},
  author={Hayes, Alex and Fredrickson, Mark M and Levin, Keith},
  journal={arXiv preprint arXiv:2212.12041},
  year={2024}
}
@article{nath2022identifying,
  title={Identifying Peer Influence in Therapeutic Communities Adjusting for Latent Homophily},
  author={Nath, Shanjukta and Warren, Keith and Paul, Subhadeep},
  journal={arXiv preprint arXiv:2203.14223},
  year={2024}
}
@article{hoff2002latent,
  title={Latent space approaches to social network analysis},
  author={Hoff, Peter D and Raftery, Adrian E and Handcock, Mark S},
  journal={J. Am. Stat. Assoc.},
  volume={97},
  number={460},
  pages={1090--1098},
  year={2002},
  publisher={Taylor \& Francis}
}



@book{hoff2003random,
  title={Random Effects Models for Network Data},
  author={Hoff, Peter D},
  year={2003},
  publisher={Citeseer}
}

@article{hoff2005bilinear,
  title={Bilinear mixed-effects models for dyadic data},
  author={Hoff, Peter D},
  journal={J. Am. Stat. Assoc.},
  volume={100},
  number={469},
  pages={286--295},
  year={2005},
  publisher={Taylor \& Francis}
}

@article{hoff2007modeling,
  title={Modeling homophily and stochastic equivalence in symmetric relational data},
  author={Hoff, Peter},
  journal={Advances in Neural Information Processing Systems},
  volume={20},
  year={2007}
}

@article{perry2013point,
  title={Point process modelling for directed interaction networks},
  author={Perry, Patrick O and Wolfe, Patrick J},
  journal={J. R. Stat. Soc. (Series B) },
  volume={75},
  number={5},
  pages={821--849},
  year={2013},
  publisher={Wiley Online Library}
}

@article{huang2018pairwise,
author = {Huang, Sihan and Sun, Jiajin and Feng, Yang},
title = {{PCABM}: Pairwise Covariates-Adjusted Block Model for Community Detection},
journal = {J. Am. Stat. Assoc.},
volume = {119},
number = {547},
pages = {2092--2104},
year = {2024},
publisher = {Taylor \& Francis}
}

@article{barzilai1988two,
  title={Two-point step size gradient methods},
  author={Barzilai, Jonathan and Borwein, Jonathan M},
  journal={IMA J. Numer. Anal.},
  volume={8},
  number={1},
  pages={141--148},
  year={1988},
  publisher={Oxford University Press}
}

@article{chatterjee2015matrix,
  title={Matrix estimation by universal singular value thresholding},
  author={Chatterjee, Sourav},
  journal={Ann. Stat.},
  volume={43},
  number={1},
  pages={177--214},
  year={2015},
  publisher={Institute of Mathematical Statistics}
}

@article{fan2018eigenvector,
  title={An $\ell_{\infty}$ eigenvector perturbation bound and its application to robust covariance estimation},
  author={Fan, Jianqing and Wang, Weichen and Zhong, Yiqiao},
  journal={J. Mach. Learn. Res.},
  volume={18},
  number={207},
  pages={1--42},
  year={2018},
  publisher={Microtome Publishing}
}

@article{he2023semiparametric,
  title={Semiparametric Modeling and Analysis for Longitudinal Network Data},
  author={He, Yinqiu and Sun, Jiajin and Tian, Yuang and Ying, Zhiliang and Feng, Yang},
  journal={arXiv preprint arXiv:2308.12227},
  year={2023}
}

@article{xie2023efficient,
  title={Efficient estimation for random dot product graphs via a one-step procedure},
  author={Xie, Fangzheng and Xu, Yanxun},
  journal={J. Am. Stat. Assoc.},
  volume={118},
  number={541},
  pages={651--664},
  year={2023},
  publisher={Taylor \& Francis}
}

@article{portnoy1988asymptotic,
  title={Asymptotic behavior of likelihood methods for exponential families when the number of parameters tends to infinity},
  author={Portnoy, Stephen},
  journal={Ann. Stat.},
volume = {16},
number = {1},
  pages={356--366},
  year={1988},
  publisher={JSTOR}
}

@article{ma2020universal,
  title={Universal latent space model fitting for large networks with edge covariates},
  author={Ma, Zhuang and Ma, Zongming and Yuan, Hongsong},
  journal={J. Mach. Learn. Res.},
  volume={21},
  number={1},
  pages={86--152},
  year={2020},
  publisher={JMLRORG}
}

@article{macdonald2022latent,
  title={Latent space models for multiplex networks with shared structure},
  author={MacDonald, Peter W and Levina, Elizaveta and Zhu, Ji},
  journal={Biometrika},
  volume={109},
  number={3},
  pages={683--706},
  year={2022},
  publisher={Oxford University Press}
}

@article{sussman2013consistent,
  title={Consistent latent position estimation and vertex classification for random dot product graphs},
  author={Sussman, Daniel L and Tang, Minh and Priebe, Carey E},
  journal={IEEE transactions on pattern analysis and machine intelligence},
  volume={36},
  number={1},
  pages={48--57},
  year={2013},
  publisher={IEEE}
}

@inproceedings{tu2016low,
  title={Low-rank solutions of linear matrix equations via procrustes flow},
  author={Tu, Stephen and Boczar, Ross and Simchowitz, Max and Soltanolkotabi, Mahdi and Recht, Ben},
  booktitle={Proc. ICML},
volume = {48},
  pages={964--973},
  year={2016},
  organization={PMLR}
}

@book{van2000asymptotic,
  title={Asymptotic Statistics},
  author={Van der Vaart, Aad W},
  volume={3},
  year={2000},
  publisher={Cambridge university press}
}

@inproceedings{young2007random,
  title={Random dot product graph models for social networks},
  author={Young, Stephen J and Scheinerman, Edward R},
  booktitle={Proc. Int. Workshop Alg. Models Web-Graph},
  pages={138--149},
  year={2007},
  organization={Springer}
}

@article{athreya2018survey,
  author  = {Avanti Athreya and Donniell E. Fishkind and Minh Tang and Carey E. Priebe and Youngser Park and Joshua T. Vogelstein and Keith Levin and Vince Lyzinski and Yichen Qin and Daniel L Sussman},
  title   = {Statistical inference on random dot product graphs: a survey},
  journal = {J. Mach. Learn. Res.},
  year    = {2018},
  volume  = {18},
  number  = {226},
  pages   = {1--92}
}

@article{sussman2012consistent,
  title={A consistent adjacency spectral embedding for stochastic blockmodel graphs},
  author={Sussman, Daniel L and Tang, Minh and Fishkind, Donniell E and Priebe, Carey E},
  journal={J. Am. Stat. Assoc.},
  volume={107},
  number={499},
  pages={1119--1128},
  year={2012},
  publisher={Taylor \& Francis}
}

@article{zhang2020note,
  title={A note on exploratory item factor analysis by singular value decomposition},
  author={Zhang, Haoran and Chen, Yunxiao and Li, Xiaoou},
  journal={Psychometrika},
  volume={85},
  pages={358--372},
  year={2020},
  publisher={Springer}
}

@inproceedings{zhang2020flexible,
  title={A flexible latent space model for multilayer networks},
  author={Zhang, Xuefei and Xue, Songkai and Zhu, Ji},
  booktitle={Proc. ICML},
volume = {119},
  pages={11288--11297},
  year={2020},
  organization={PMLR}
}

@inproceedings{han2015consistent,
  title={Consistent estimation of dynamic and multi-layer block models},
  author={Han, Qiuyi and Xu, Kevin and Airoldi, Edoardo},
  booktitle={Proc. ICML},
  volume = {37},
  pages={1511--1520},
  year={2015},
  organization={PMLR}
}

@article{bhattacharyya2018spectral,
  title={Spectral clustering for multiple sparse networks: I},
  author={Bhattacharyya, Sharmodeep and Chatterjee, Shirshendu},
  journal={arXiv preprint arXiv:1805.10594},
  year={2018}
}

@article{paul2016consistent,
author = {Subhadeep Paul and Yuguo Chen},
title = {{Consistent community detection in multi-relational data through restricted multi-layer stochastic blockmodel}},
volume = {10},
journal = {Electron. J. Stat.},
number = {2},
publisher = {Institute of Mathematical Statistics and Bernoulli Society},
pages = {3807 -- 3870},
nokeywords = {Community detection, consistency, consistency thresholds, Minimax rates, multi-layer networks, stochastic blockmodel},
year = {2016}
}

@article{pensky2019spectral,
author = {Marianna Pensky and Teng Zhang},
title = {{Spectral clustering in the dynamic stochastic block model}},
volume = {13},
journal = {Electron. J. Stat.},
number = {1},
publisher = {Institute of Mathematical Statistics and Bernoulli Society},
pages = {678 -- 709},
nokeywords = {adaptive estimation, dynamic stochastic block model, spectral clustering, Time-varying network},
year = {2019}
}

@article{lei2019consistent,
    author = {Lei, Jing and Chen, Kehui and Lynch, Brian},
    title = "{Consistent community detection in multi-layer network data}",
    journal = {Biometrika},
    volume = {107},
    number = {1},
    pages = {61-73},
    year = {2019}
}

@article{paul2021null,
  title={Null models and community detection in multi-layer networks},
  author={Paul, Subhadeep and Chen, Yuguo},
  journal={Sankhya A},
  pages={1--55},
  year={2021},
  publisher={Springer}
}

@article{lei2022bias,
  title={Bias-adjusted spectral clustering in multi-layer stochastic block models},
  author={Lei, Jing and Lin, Kevin Z},
  journal={J. Am. Stat. Assoc.},
  volume={118},
  number={544},
  pages={2433--2445},
  year={2023},
  publisher={Taylor \& Francis}
}

@article{lei2023computational,
      title={Computational and Statistical Thresholds in Multi-layer Stochastic Block Models}, 
      author={Jing Lei and Anru R. Zhang and Zihan Zhu},
      year={2023},
      noeprint={2311.07773},
      journal={arXiv preprint arXiv:2311.07773},
      noprimaryClass={math.ST}
}

@article{zhang2020modularity,
  title={Modularity based community detection in heterogeneous networks},
  author={Zhang, Jingfei and Chen, Yuguo},
  journal={Statistica Sinica},
  volume={30},
  number={2},
  pages={601--629},
  year={2020},
  publisher={JSTOR}
}

@article{jones2020multilayer,
  title={The multilayer random dot product graph},
  author={Jones, Andrew and Rubin-Delanchy, Patrick},
  journal={arXiv preprint arXiv:2007.10455},
  year={2020}
}

@article{nielsen2018multiple,
  title={The multiple random dot product graph model},
  author={Nielsen, Agnes Martine and Witten, Daniela},
  journal={arXiv preprint arXiv:1811.12172},
  year={2018}
}

@article{zheng2022limit,
  title={Limit results for distributed estimation of invariant subspaces in multiple networks inference and {PCA}},
  author={Zheng, Runbing and Tang, Minh},
  journal={arXiv preprint arXiv:2206.04306},
  year={2022}
}

@article{lyu2023latent,
  title={Latent space model for higher-order networks and generalized tensor decomposition},
  author={Lyu, Zhongyuan and Xia, Dong and Zhang, Yuan},
  journal={J. Comput. Graph. Stat.},
  volume = {32},
number = {4},
pages = {1320--1336},
year = {2023},
  publisher={Taylor \& Francis}
}

@article{zhangefficient,
  title={Efficient Estimation for Longitudinal Network via Adaptive Merging}, 
   year={2023}, 
  author={Zhang, Haoran and Wang, Junhui}, 
  journal={arXiv:2211.07866}
}


@article{rohe2011spectral,
  title={Spectral clustering and the high-dimensional stochastic blockmodel},
  author={Rohe, Karl and Chatterjee, Sourav and Yu, Bin},
  journal={Ann. Stat.},
volume = {39},
number = {4},
  pages={1878--1915},
  year={2011},
  publisher={JSTOR}
}

@article{yan2021covariate,
  title={Covariate regularized community detection in sparse graphs},
  author={Yan, Bowei and Sarkar, Purnamrita},
  journal={J. Am. Stat. Assoc.},
  volume={116},
  number={534},
  pages={734--745},
  year={2021},
  publisher={Taylor \& Francis}
}

@article{paul2020spectral,
  title={Spectral and matrix factorization methods for consistent community detection in multi-layer networks},
  author={Paul, Subhadeep and Chen, Yuguo},
  journal={Ann. Stat.},
  volume={48},
  pages={230-250},
  year={2020}
}

@book{bickel1993efficient,
  title={Efficient and Adaptive Estimation for Semiparametric Models},
  author={Bickel, Peter J and Klaassen, Chris A.J and  Ritov, Ya’acov and Wellner, Jon A},
  year={1993},
  publisher={Springer}
}

@article{chernozhukiv.ectj.12097,
    author = {Chernozhukov, Victor and Chetverikov, Denis and Demirer, Mert and Duflo, Esther and Hansen, Christian and Newey, Whitney and Robins, James},
    title = "{Double/debiased machine learning for treatment and structural parameters}",
    journal = {The Econometrics Journal},
    volume = {21},
    number = {1},
    pages = {C1-C68},
    year = {2018},
    month = {01},
    issn = {1368-4221},
    nodoi = {10.1111/ectj.12097},
    nourl = {https://doi.org/10.1111/ectj.12097}
}

@article{murphy2000profile,
  title={On profile likelihood},
  author={Murphy, Susan A and Van der Vaart, Aad W},
  journal={Journal of the American Statistical Association},
  volume={95},
  number={450},
  pages={449--465},
  year={2000},
  publisher={Taylor \& Francis}
}

@article{chen2022determining,
  title={Determining the number of factors in high-dimensional generalized latent factor models},
  author={Chen, Yunxiao and Li, Xiaoou},
  journal={Biometrika},
  volume={109},
  number={3},
  pages={769--782},
  year={2022},
  publisher={Oxford University Press}
}

@article{chen2024note,
  title={A note on entrywise consistency for mixed-data matrix completion},
  author={Chen, Yunxiao and Li, Xiaoou},
  journal={Journal of Machine Learning Research},
  volume={25},
  number={343},
  pages={1--66},
  year={2024}
}
